<record><leader>00000cas a22000007a 4500</leader><controlfield tag="001">38372407</controlfield><controlfield tag="008">980209d19781985vauwr ne      0    0eng d</controlfield><datafield ind1=" " ind2=" " tag="010"><subfield code="a">sn 98068319 </subfield></datafield><datafield ind1=" " ind2=" " tag="040"><subfield code="a">NVK</subfield><subfield code="b">eng</subfield><subfield code="c">NVK</subfield><subfield code="d">OCLCQ</subfield><subfield code="d">NVK</subfield><subfield code="d">OCLCQ</subfield><subfield code="d">OCLCF</subfield><subfield code="d">OCLCO</subfield></datafield><datafield ind1="1" ind2=" " tag="029"><subfield code="a">AU@</subfield><subfield code="b">000013767272</subfield></datafield><datafield ind1=" " ind2=" " tag="042"><subfield code="a">msc</subfield></datafield><datafield ind1=" " ind2=" " tag="043"><subfield code="a">n-us-va</subfield></datafield><datafield ind1="0" ind2=" " tag="130"><subfield code="a">Gazette (Powhatan, Va.)</subfield></datafield><datafield ind1="1" ind2="4" tag="245"><subfield code="a">The Gazette.</subfield></datafield><datafield ind1="3" ind2="0" tag="246"><subfield code="a">Gazette, Powhatan ed</subfield></datafield><datafield ind1=" " ind2=" " tag="250"><subfield code="a">Powhatan ed.</subfield></datafield><datafield ind1=" " ind2=" " tag="260"><subfield code="a">Powhatan, Va. :</subfield><subfield code="b">William T. Reed, III,</subfield><subfield code="c">-1985.</subfield></datafield><datafield ind1=" " ind2=" " tag="300"><subfield code="a">v.</subfield></datafield><datafield ind1=" " ind2=" " tag="310"><subfield code="a">Weekly</subfield></datafield><datafield ind1="1" ind2=" " tag="362"><subfield code="a">Began in 1978?</subfield></datafield><datafield ind1="0" ind2=" " tag="362"><subfield code="a">-v. 38, no. 33 (Aug. 15, 1985).</subfield></datafield><datafield ind1=" " ind2=" " tag="500"><subfield code="a">"Powhatan edition" appears under title Feb. 9-Aug. 3, 1978.</subfield></datafield><datafield ind1=" " ind2=" " tag="500"><subfield code="a">"Powhatan" appears under title Aug. 10, 1978-</subfield></datafield><datafield ind1=" " ind2=" " tag="588"><subfield code="a">Description based on: Vol. 25, no. 6 (Feb. 9, 1978).</subfield></datafield><datafield ind1=" " ind2="0" tag="651"><subfield code="a">Powhatan County (Va.)</subfield><subfield code="v">Newspapers.</subfield></datafield><datafield ind1=" " ind2="0" tag="651"><subfield code="a">Powhatan (Va.)</subfield><subfield code="v">Newspapers.</subfield></datafield><datafield ind1=" " ind2="7" tag="655"><subfield code="a">Newspapers.</subfield><subfield code="2">fast</subfield><subfield code="0">(OCoLC)fst01423814</subfield></datafield><datafield ind1=" " ind2="7" tag="651"><subfield code="a">Virginia</subfield><subfield code="z">Powhatan.</subfield><subfield code="2">fast</subfield><subfield code="0">(OCoLC)fst01207227</subfield></datafield><datafield ind1=" " ind2="7" tag="651"><subfield code="a">Virginia</subfield><subfield code="z">Powhatan County.</subfield><subfield code="2">fast</subfield><subfield code="0">(OCoLC)fst01229267</subfield></datafield><datafield ind1=" " ind2=" " tag="752"><subfield code="a">United States</subfield><subfield code="b">Virginia</subfield><subfield code="d">Powhatan.</subfield></datafield><datafield ind1="0" ind2=" " tag="775"><subfield code="t">Gazette (Chesterfield, Va.)</subfield><subfield code="w">(DLC)sn 83007681</subfield></datafield><datafield ind1="0" ind2=" " tag="775"><subfield code="t">Gazette (Goochland, Va.)</subfield><subfield code="w">(DLC)sn 98068326</subfield></datafield><datafield ind1="0" ind2="1" tag="780"><subfield code="t">Gazette of Goochland and Powhatan counties</subfield><subfield code="w">(DLC)sn 98068335</subfield></datafield></record>